<?xml version="1.0" encoding="UTF-8"?><collection xmlns="http://www.loc.gov/MARC21/slim"><record><leader>00478nam--2200169-i-4500</leader><controlfield tag="001">000033406</controlfield><controlfield tag="002">20161230</controlfield><controlfield tag="005">20161230201039</controlfield><controlfield tag="008">060222s1000------------r-----000-0-eng-d</controlfield><datafield ind1=" " ind2=" " tag="040"><subfield code="a">IFIN-HH</subfield></datafield><datafield ind1=" " ind2=" " tag="080"><subfield code="a">539.219.1:538.913</subfield></datafield><datafield ind1="1" ind2=" " tag="100"><subfield code="a">Mrowec, Stanislaw</subfield></datafield><datafield ind1="1" ind2="0" tag="245"><subfield code="a">Defects and difusion in solids</subfield><subfield code="b">An introduction</subfield><subfield code="c">Stanislaw mrowec</subfield></datafield><datafield ind1=" " ind2=" " tag="260"><subfield code="a">Warszawa</subfield><subfield code="b">Pwn-polish Scientific Publishers</subfield><subfield code="c">1980</subfield></datafield><datafield ind1=" " ind2=" " tag="300"><subfield code="a">466P</subfield></datafield><datafield ind1=" " ind2=" " tag="852"><subfield code="a">47235</subfield><subfield code="c">539.217</subfield></datafield><datafield ind1=" " ind2=" " tag="CAT"><subfield code="a">Sys</subfield><subfield code="c">20121210</subfield><subfield code="h">161048</subfield></datafield></record></collection>